@book{cheng2014professional,
  title={Professional CUDA C Programming},
  author={Cheng, J. and Grossman, M. and McKercher, T.},
  isbn={9781118739327},
  lccn={2014937184},
  series={EBL-Schweitzer},
  url={https://books.google.cl/books?id=q3DvBQAAQBAJ},
  year={2014},
  publisher={Wiley}
}

@article{van1934wahrscheinliche,
  title={Die wahrscheinliche Schwingungsverteilung in einer von einer Lichtquelle direkt oder mittels einer Linse beleuchteten Ebene},
  author={van Cittert, Pieter Hendrik},
  journal={Physica},
  volume={1},
  number={1-6},
  pages={201--210},
  year={1934},
  publisher={Elsevier}
}

@article{carcamo2018multi,
  title={Multi-GPU maximum entropy image synthesis for radio astronomy},
  author={C{\'a}rcamo, Miguel and Rom{\'a}n, Pablo E and Casassus, Simon and Moral, Victor and Rannou, Fernando R},
  journal={Astronomy and computing},
  volume={22},
  pages={16--27},
  year={2018},
  publisher={Elsevier}
}

@article{selfCalibration,
    author = {Cornwell, Tim and Fomalont, Edward},
    year = {1982},
    month = {01},
    pages = {185},
    title = {Self-Calibration},
    volume = {6},
    journal= {Synthesis imaging in radio astronomy}
}



@article{Chael_2018,
	doi = {10.3847/1538-4357/aab6a8},
	url = {https://doi.org/10.3847/1538-4357/aab6a8},
	year = 2018,
	month = {apr},
	publisher = {American Astronomical Society},
	volume = {857},
	number = {1},
	pages = {23},
	author = {Andrew A. Chael and Michael D. Johnson and Katherine L. Bouman and Lindy L. Blackburn and Kazunori Akiyama and Ramesh Narayan},
	title = {Interferometric Imaging Directly with Closure Phases and Closure Amplitudes},
	journal = {The Astrophysical Journal}
}

@misc{winNT,
  author = {Miguel Cárcamo},
  title = {Python Radio Astronomy analysis and Image Synthesis (Pyralysis)},
  year = 2020,
  howpublished = {\url{https://gitlab.com/miguelcarcamov/pyralysis}},
}

@misc{AlmaInt,
  author = {Alma},
  title = {Interferometry},
  year = 2020,
  howpublished = {\url{https://www.almaobservatory.org/en/about-alma/how-alma-works/technologies/interferometry/}},
}

@misc{AlmaWork,
  author = {Alma},
  title = {How ALMA Works},
  year = 2020,
  howpublished = {\url{https://www.almaobservatory.org/en/about-alma/how-alma-works/}},
}

@misc{cottonGPU,
  author = {Bill Cotton},
  title = {A Comparison of Threaded CPU and GPU implementations of interferometry operations},
  year = 2014,
  howpublished = {\url{https://www.atnf.csiro.au/people/ban115/conferences/CALIM2014/talks/day2/CottonCALIM14.pdf}},
}

@misc{Receivers,
  author = {CASA},
  title = {Receivers},
  year = 2020,
  howpublished = {\url{https://www.almaobservatory.org/en/about-alma/how-alma-works/technologies/receivers/}},
}


@MISC{SKAO,
  title        = "Square Kilometre Array",
  booktitle    = "Public Website",
  month        =  apr,
  year         =  2011,
  howpublished = "\url{https://www.skatelescope.org/}",
}

@article{Andrews2018,
  doi = {10.3847/2041-8213/aaf741},
  url = {https://doi.org/10.3847/2041-8213/aaf741},
  year = {2018},
  month = dec,
  publisher = {American Astronomical Society},
  volume = {869},
  number = {2},
  pages = {L41},
  author = {Sean M. Andrews and Jane Huang and Laura M. P{\'{e}}rez and Andrea Isella and Cornelis P. Dullemond and Nicol{\'{a}}s T. Kurtovic and Viviana V. Guzm{\'{a}}n and John M. Carpenter and David J. Wilner and Shangjia Zhang and Zhaohuan Zhu and Tilman Birnstiel and Xue-Ning Bai and Myriam Benisty and A. Meredith Hughes and Karin I. \"{O}berg and Luca Ricci},
  title = {The Disk Substructures at High Angular Resolution Project ({DSHARP}). I. Motivation,  Sample,  Calibration,  and Overview},
  journal = {The Astrophysical Journal}
}

@article{1958MNRAS.118..276J,
  title={A phase sensitive interferometer technique for the measurement of the Fourier transforms of spatial brightness distributions of small angular extent},
  author={Jennison, RC},
  journal={Monthly Notices of the Royal Astronomical Society},
  volume={118},
  number={3},
  pages={276--284},
  year={1958},
  publisher={Oxford Academic}
}

@book{synthesis,
  title={Interferometry and synthesis in radio astronomy},
  author={Thompson, A Richard and Moran, James M and Swenson, George W},
  year={2017},
  publisher={Springer Nature}
}

@book{synthesis_taylor,
        author = { G. B. Taylor, C. L. Carilli, R. A. Perley},
        title = "{Synthesis Imaging in Radio Astronomy II}",
    booktitle = {Synthesis Imaging in Radio Astronomy II},
         year = 1999,
       series = {Astronomical Society of the Pacific Conference Series},
       volume = {180},
        month = jan,
       adsurl = {https://ui.adsabs.harvard.edu/abs/1999ASPC..180.....T},
       publisher={Astronomical Society of the Pacific},
      adsnote = {Provided by the SAO/NASA Astrophysics Data System}

}

@article{event_horizon,
	title = {High-resolution Linear Polarimetric Imaging for the Event Horizon Telescope},
	journal = {The Astrophysical Journal},
	volume = {829},
	year = {2016},
	month = {September 1, 201},
	isbn = {0004-637X},
	url = {http://adsabs.harvard.edu/abs/2016ApJ...829...11C},
	author = {Chael, Andrew A. and Johnson, Michael D. and Ramesh Narayan and Doeleman, Sheperd S. and Wardle, John F. C. and Bouman, Katherine L.}
}


@PHDTHESIS{GPU,
  author =       "Tsu-Shiuan Lin",
  title =        "{Accelerating radio transient detection using the Bispectrum algorithm and GPGPU}",
  school =       "Departament of Computer Science. University of Cape Town",
  year =         "2015",
  type =         "",
  month =        "October",
}

@book{wu2012maximum,
  title={The maximum entropy method},
  author={Wu, Nailong},
  volume={32},
  year={2012},
  publisher={Springer Science \& Business Media}
}

@mastersthesis{NicolasTesis,
    author = {Muñoz, Nicolás},
    institution = {Universidad de Santiago de Chile},
    pages = 78,
    school = {Departamento de Ingeniería en Informática},
    title = {Desarrollo e implementación de un framework orientado al objeto para síntesis de imágenes en interferometría},
    year = 2018
}

@mastersthesis{FernandezTesis,
    author = {Fernandez, Andrés},
    institution = {Universidad de Santiago de Chile},
    pages = 162,
    school = {Departamento de Ingeniería en Informática},
    title = {Factibilidad de aplicar modelos simples de \textit{deep learning} a la auto-calibración en radiointerferometría usando Amazon Web Services: caso de la estrella HL-Tauri},
    year = 2019
}

@mastersthesis{carcamoTesis,
    author = {Cárcamo, Miguel},
    institution = {Universidad de Santiago de Chile},
    pages = 106,
    school = {Departamento de Ingeniería en Informática},
    title = {Reconstrucción de imágenes de interferometría mediante algoritmos iterativos paralelos en múltiples GPU},
    year = 2016
}

@mastersthesis{LiberonaTesis,
    author = {Liberona, Gianfranco},
    institution = {Universidad de Chile},
    pages = 72,
    school = {Departamento de Ingeniería en Matemática},
    title = {Aplicaciones del procesamiento de imágenes digitales a astronomía},
    year = 2015
}

@mastersthesis{CeledonTesis,
    author = {Celedón, Luis},
    institution = {Universidad de Santiago de Chile},
    pages = 143,
    school = {Departamento de Ingeniería en Informática},
    title = {Optimización de algoritmos de síntesis de imágenes en interferometría en un espacio sin grilla},
    year = 2017
}

@article{clean,
  title={Aperture synthesis with a non-regular distribution of interferometer baselines},
  author={H{\"o}gbom, JA},
  journal={Astronomy and Astrophysics Supplement Series},
  volume={15},
  pages={417},
  year={1974}
}



@inproceedings{MemBis,
    author = {Koh-Ichiro Morita and Seiji Katagiri},
    title = {{Imaging algorithm using the bispectrum}},
    volume = {3350},
    booktitle = {Astronomical Interferometry},
    editor = {Robert D. Reasenberg},
    organization = {International Society for Optics and Photonics},
    publisher = {SPIE},
    pages = {309 -- 318},
    year = {1998},
    doi = {10.1117/12.317207},
    URL = {https://doi.org/10.1117/12.317207}
}


@article{blocks,
  title={Iterative image reconstruction from the bispectrum},
  author={Hofmann, K-H and Weigelt, G},
  journal={Astronomy and Astrophysics},
  volume={278},
  pages={328--339},
  year={1993}
}

@inproceedings{mcmullin2007casa,
  title={CASA architecture and applications},
  author={McMullin, Joseph P and Waters, BSDYWGK and Schiebel, Darrell and Young, Wei and Golap, Kumar},
  booktitle={Astronomical data analysis software and systems XVI},
  volume={376},
  pages={127},
  year={2007}
}

@article{m87,
    author = {Satapathy, Kaushik and Psaltis, Dimitrios and Ozel, Feryal and Medeiros, Lia and Dougall, Sean and Chan, Chi-kwan and Wielgus, Maciej and Prather, Ben and Wong, George and Gammie, Charles and Akiyama, Kazunori and Alberdi, Antxon and Alef, Walter and Algaba, Juan and Anantua, Richard and Asada, Keiichi and Azulay, Rebecca and Baczko, Anne-Kathrin and Ball, David and Zhao, Shan-Shan},
    year = {2021},
    month = {11},
    pages = {},
    title = {The Variability of the Black-Hole Image in M87 at the Dynamical Time Scale},
    journal = {The Astrophysical Journal}
}

@ARTICLE{geometry,
       author = {{Thyagarajan}, Nithyanandan and {Carilli}, Chris L.},
        title = "{A geometric view of closure phases in interferometry}",
      journal = {\pasa},
     keywords = {aperture synthesis (53), astronomical optics (88), astronomical techniques (1684), interferometric correlation (807), interferometry (808), optical interferometry (1168), phase error (1220), radio interferometry (1346), visibility function (1775), Astrophysics - Instrumentation and Methods for Astrophysics, Physics - Classical Physics, Physics - Optics, Quantum Physics},
         year = 2022,
        month = apr,
       volume = {39},
          eid = {e014},
        pages = {e014},
          doi = {10.1017/pasa.2022.6},
archivePrefix = {arXiv},
       eprint = {2012.05254},
 primaryClass = {astro-ph.IM},
       adsurl = {https://ui.adsabs.harvard.edu/abs/2022PASA...39...14T},
      adsnote = {Provided by the SAO/NASA Astrophysics Data System}
}

@article{cook_seymour_sokolowski_2021, 
    title={A calibration and imaging strategy at 300 MHz with the Murchison Widefield Array (MWA)}, 
    volume={38}, 
    DOI={10.1017/pasa.2021.55}, 
    journal={Publications of the Astronomical Society of Australia}, 
    publisher={Cambridge University Press}, 
    author={Cook, Jaiden H. and Seymour, Nicholas and Sokolowski, Marcin}, 
    year={2021}, 
    pages={e063}
}

@article{levanda_art,
    author = {Levanda, Ronny and Leshem, Amir},
    year = {2010},
    month = {02},
    pages = {14 - 29},
    title = {Synthetic aperture radio telescopes},
    volume = {27},
    journal = {Signal Processing Magazine, IEEE},
    doi = {10.1109/MSP.2009.934719}
}

@INPROCEEDINGS{ska,
       author = {{Quinn}, P. and {Axelrod}, T. and {Bird}, I. and {Dodson}, R. and {Szalay}, A. and {Wicenec}, A.},
        title = "{Delivering SKA Science}",
     keywords = {Astrophysics - Instrumentation and Methods for Astrophysics, Computer Science - Distributed, Parallel, and Cluster Computing},
    booktitle = {Advancing Astrophysics with the Square Kilometre Array (AASKA14)},
         year = 2015,
        month = apr,
          eid = {147},
        pages = {147},
archivePrefix = {arXiv},
       eprint = {1501.05367},
 primaryClass = {astro-ph.IM},
       adsurl = {https://ui.adsabs.harvard.edu/abs/2015aska.confE.147Q},
      adsnote = {Provided by the SAO/NASA Astrophysics Data System}
}

@ARTICLE{ortiz,
       author = {{Ortiz-Le{\'o}n}, Gisela N. and {Johnson}, Michael D. and {Doeleman}, Sheperd S. and {Blackburn}, Lindy and {Fish}, Vincent L. and {Loinard}, Laurent and {Reid}, Mark J. and {Castillo}, Edgar and {Chael}, Andrew A. and {Hern{\'a}ndez-G{\'o}mez}, Antonio and {Hughes}, David H. and {Le{\'o}n-Tavares}, Jonathan and {Lu}, Ru-Sen and {Monta{\~n}a}, Alfredo and {Narayanan}, Gopal and {Rosenfeld}, Katherine and {S{\'a}nchez}, David and {Schloerb}, F. Peter and {Shen}, Zhi-qiang and {Shiokawa}, Hotaka and {SooHoo}, Jason and {Vertatschitsch}, Laura},
        title = "{The Intrinsic Shape of Sagittarius A* at 3.5 mm Wavelength}",
     keywords = {accretion, accretion disks, galaxies: active, galaxies: individual: Sgr Aa, Galaxy: center, techniques: interferometric, Astrophysics - Astrophysics of Galaxies, Astrophysics - High Energy Astrophysical Phenomena, Astrophysics - Instrumentation and Methods for Astrophysics},
         year = 2016,
        month = jun,
       volume = {824},
       number = {1},
          eid = {40},
        pages = {40},
          doi = {10.3847/0004-637X/824/1/40},
archivePrefix = {arXiv},
       eprint = {1601.06571},
 primaryClass = {astro-ph.GA},
       adsurl = {https://ui.adsabs.harvard.edu/abs/2016ApJ...824...40O},
      adsnote = {Provided by the SAO/NASA Astrophysics Data System},
        journal={The Astrophysical Journa}
}

@misc{nvidiaCuda,
  author = {Nvidia},
  title = {CUDA C++ Programming Guide},
  year = 2022,
  howpublished = {\url{https://docs.nvidia.com/cuda/cuda-c-programming-guide/index.html}},
}

@article{tatachar2021object,
  title={Object Oriented Programming Concepts Using Python},
  author={Tatachar, Abhishek V and Vishwas, KV and Kondur, Shivanee},
  year={2021},
  journal={International Research Journal of Engineering and Technology}
}

@misc{poo_image,
  author = {Profile},
  title = {¿Qué es la programación orientada a objetos?},
  year = 2020,
  howpublished = {\url{https://profile.es/blog/que-es-la-programacion-orientada-a-objetos/}},
}

@misc{nvidia_cuda,
  author = {Nvidia},
  title = {CUDA Refresher: The CUDA Programming Model},
  year = 2020,
  howpublished = {\url{\https://developer.nvidia.com/blog/cuda-refresher-cuda-programming-model/}},
}


@misc{nvidia_programming,
  author = {Nvidia},
  title = {Programming Model},
  year = 2022,
  howpublished = {\url{https://docs.nvidia.com/cuda/cuda-c-programming-guide/index.html#programming-model}},
}

@misc{nvidia_grid,
  author = {Nvidia},
  title = {CUDA C/C++ Basics},
  year = 2011,
  howpublished = {\url{https://www.nvidia.com/docs/IO/116711/sc11-cuda-c-basics.pdf}},
}


@misc{nvidia_hardware,
  author = {Nvidia},
  title = {Hardware Implementation},
  year = 2022,
  howpublished = {\url{https://docs.nvidia.com/cuda/cuda-c-programming-guide/index.html#hardware-implementation}},
}

@article{m87_image,
    author = {Akiyama, Kazunori and Bouman, Katherine},
    year = {2019},
    month = {04},
    pages = {},
    title = {First M87 Event Horizon Telescope Results. IV. Imaging the Central Supermassive Black Hole},
    volume = {875},
    journal = {Astrophysical Journal Letters}
}

@misc{ms_set,
  author = {CASA},
  title = {MeasurementSet},
  year = 2022,
  howpublished = {\url{https://casa.nrao.edu/casadocs/casa-5.1.1/reference-material/measurement-set}},
}

@book{parallel,
author = {Almasi, G. S. and Gottlieb, A.},
title = {Highly Parallel Computing},
year = {1989},
isbn = {0805301771},
publisher = {Benjamin-Cummings Publishing Co., Inc.},
address = {USA}
}

@misc{Dask_general,
  author = {DASK},
  title = {DASK},
  year = 2022,
  howpublished = {\url{https://docs.dask.org/en/stable/}},
}

@misc{Dask_array,
  author = {DASK},
  title = {DASK},
  year = 2022,
  howpublished = {\url{https://docs.dask.org/en/stable/array.html}},
}

@misc{antenas_alma,
  author = {ALMA},
  title = {Antenas},
  year = 2022,
  howpublished = {\url{https://almaobservatory.org/es/sobre-alma/observando-con-alma/tecnologias/antenas/}},
}

@inproceedings{rocklin2015dask,
  title={Dask: Parallel computation with blocked algorithms and task scheduling},
  author={Rocklin, Matthew},
  booktitle={Proceedings of the 14th python in science conference},
  volume={130},
  pages={136},
  year={2015},
  organization={SciPy Austin, TX}
}

@article{kemball2000measurementset,
  title={MeasurementSet definition version 2.0},
  author={Kemball, AJ and Wieringa, MH},
  journal={URL: http://casa. nrao. edu/Memos/229. html},
  year={2000}
}

@inproceedings{cornwell1997design,
  title={The design and implementation of synthesis calibration and imaging in AIPS++},
  author={Cornwell, Tim and Wieringa, Mark},
  booktitle={Astronomical Data Analysis Software and Systems VI},
  volume={125},
  pages={10},
  year={1997}
}

@article{akiyama2017imaging,
  title={Imaging the Schwarzschild-radius-scale structure of M87 with the Event Horizon Telescope using sparse modeling},
  author={Akiyama, Kazunori and Kuramochi, Kazuki and Ikeda, Shiro and Fish, Vincent L and Tazaki, Fumie and Honma, Mareki and Doeleman, Sheperd S and Broderick, Avery E and Dexter, Jason and Mo{\'s}cibrodzka, Monika and others},
  journal={The Astrophysical Journal},
  volume={838},
  number={1},
  pages={1},
  year={2017},
  publisher={IOP Publishing}
}

@article{bowersobservations,
  title={Observations of Small-Separation Red Dwarf Binary Pairs Using Bispectrum Phase Reconstruction},
  year={2022},
  author={Bowers, Nathaniel and Filipek, Christine and Lehenbauer, Nathan and McCarthy, Mark and Ramprakash, Rinisha and Balaji, Aparna and North, Kate and Pendergrass, Chloe and Surulirajan, Ramprakash and Kasl-Goldey, Jayant Bhalerao10 Sierra and others},
  journal={The Journal of Double Star Observations}
}

@misc{gaincal_task,
  author = {NRAO},
  title = {gaincal},
  year = 2022,
  howpublished = {\url{https://casa.nrao.edu/docs/taskref/gaincal-task.html}},
}

@misc{rascil,
  author = {Rascil},
  title = {Radio Astronomy Simulation, Calibration and Imaging Library},
  year = 2022,
  howpublished = {\url{https://gitlab.com/ska-telescope/external/rascil/}},
}


https://gitlab.com/ska-telescope/external/rascil/

@book{gamma2002patrones,
  title={Patrones de dise{\~n}o: elementos de software orientado a objetos reutilizable},
  author={Gamma, E.},
  isbn={9788478290598},
  series={Addison-Wesley professional computing series},
  url={https://books.google.cl/books?id=gap\_AAAACAAJ},
  year={2002},
  publisher={Pearson Educaci{\'o}n}
}

@article{bean2022casa,
  title={CASA, Common Astronomy Software Applications for Radio Astronomy},
  author={Bean, Ben and Bhatnagar, Sanjay and Castro, Sandra and Meyer, Jennifer Donovan and Emonts, Bjorn and Garcia, Enrique and Garwood, Robert and Golap, Kumar and Villalba, Justo Gonzalez and Harris, Pamela and others},
  journal={Publications of the Astronomical Society of the Pacific},
  volume={134},
  number={1041},
  pages={114501},
  year={2022},
  publisher={IOP Publishing}
}

@misc{CASA_self_cal,
  author = {NRAO},
  title = {First Look at Self Calibration CASA 6},
  year = 2022,
  howpublished = {\url{https://casaguides.nrao.edu/index.php?title=First_Look_at_Self_Calibration_CASA_6}},
}

@misc{CASA_clean,
  author = {NRAO},
  title = {tclean},
  year = 2016,
  howpublished = {\url{https://casa.nrao.edu/docs/taskref/tclean-task.html}},
}

@misc{Dask_chunks,
  author = {Dask},
  title = {Chunks},
  year = 2022,
  howpublished = {\url{https://docs.dask.org/en/latest/array-chunks.html}},
}


@misc{casabrowser,
  author = {NRAO},
  title = {Browse the Data},
  year = 2022,
  howpublished ={\url{https://casa.nrao.edu/Release3.4.0/docs/userman/UserManse17.html}},
}

@article{scaife2020big,
  title={Big telescope, big data: towards exascale with the Square Kilometre Array},
  author={Scaife, AMM},
  journal={Philosophical Transactions of the Royal Society A},
  volume={378},
  number={2166},
  pages={20190060},
  year={2020},
  publisher={The Royal Society Publishing}
}


@article{SkaGridding,
  title={Gridding Algorithms},
  author={Andrew Ensor},
  journal={SDP Memos},
  pages={14},
  year={2014},
  publisher={SKA}
}

@article{CasaQA,
author = {Petry, Dirk and Vila-Vilaro, Baltasar and Villard, Eric and Komugi, Shinya and Schnee, Scott},
year = {2014},
month = {07},
title = {ALMA service data analysis and level 2 quality assurance with CASA},
volume = {9152},
journal = {Proceedings of SPIE - The International Society for Optical Engineering},
doi = {10.1117/12.2054715}
}

@article{sutton2006optimal,
  title={Optimal image reconstruction in radio interferometry},
  author={Sutton, Edmund C and Wandelt, Benjamin D},
  journal={The Astrophysical Journal Supplement Series},
  volume={162},
  number={2},
  pages={401},
  year={2006},
  publisher={IOP Publishing}
}

@article{10.1145/12944.12948,
    author = {Boehm, B},
    title = {A Spiral Model of Software Development and Enhancement},
    year = {1986},
    issue_date = {August 1986},
    publisher = {Association for Computing Machinery},
    address = {New York, NY, USA},
    volume = {11},
    number = {4},
    issn = {0163-5948},
    url = {https://doi.org/10.1145/12944.12948},
    doi = {10.1145/12944.12948},
    journal = {SIGSOFT Softw. Eng. Notes},
    month = {aug},
    pages = {14–24},
    numpages = {11}
}

      

